<?xml version="1.0" encoding="UTF-8"?><record xmlns="http://www.loc.gov/MARC21/slim" xmlns:cinclude="http://apache.org/cocoon/include/1.0" xmlns:zs="http://www.loc.gov/zing/srw/">
  <leader>00597nz  a2200145n  4500</leader>
  <controlfield tag="001">no2004025869</controlfield>
  <controlfield tag="003">DLC</controlfield>
  <controlfield tag="005">20040319051916.0</controlfield>
  <controlfield tag="008">040318n| acannaabn          |a ana      </controlfield>
  <datafield tag="010" ind1=" " ind2=" ">
    <subfield code="a">no2004025869</subfield>
  </datafield>
  <datafield tag="035" ind1=" " ind2=" ">
    <subfield code="a">(OCoLC)oca06299345</subfield>
  </datafield>
  <datafield tag="040" ind1=" " ind2=" ">
    <subfield code="a">DLC-OK</subfield>
    <subfield code="b">eng</subfield>
    <subfield code="c">DLC-OK</subfield>
  </datafield>
  <datafield tag="110" ind1="2" ind2=" ">
    <subfield code="a">Fédération du batiment et des travaux publics de la C.N.E.S.</subfield>
  </datafield>
  <datafield tag="410" ind1="2" ind2=" ">
    <subfield code="a">Confédération nationale des employeurs du Sénégal.</subfield>
    <subfield code="b">Fédération du batiment et des travaux publics</subfield>
  </datafield>
  <datafield tag="670" ind1=" " ind2=" ">
    <subfield code="a">Etude sur les perspectives d'organisation ... 1997:</subfield>
    <subfield code="b">t.p. (Fédération du batiment et des travaux publics de la C.N.E.S.)</subfield>
  </datafield>
</record>